@book{brock,
  title={Brock Mikrobiologie},
  author={Madigan, M.T. and Martinko, J.M. and Brock, T.D. and Thomm, M.},
  isbn={9783827371874},
  series={Bc - biologie/chemie},
  url={http://books.google.com/books?id=yk6yPAAACAAJ},
  year={2006},
  publisher={Pearson Education}
}
